@article{Turing1936,
  title={On computable numbers, with an application to the Entscheidungsproblem},
  author={Turing, Alan Mathison},
  journal={J. of Math},
  volume={58},
  pages={345--363},
  year={1936}
}

@article{salim2023verbal,
  title={Verbal and non-verbal communication in linguistics},
  author={Salim, Mammadzada Sevinj},
  journal={International Journal of Innovative Technologies in Social Science},
  number={2 (38)},
  year={2023}
}

@article{hilari2010psychological,
  title={Psychological distress after stroke and aphasia: the first six months},
  author={Hilari, Katerina and Northcott, Sarah and Roy, Penny and Marshall, Jane and Wiggins, Richard D and Chataway, Jeremy and Ames, Diane},
  journal={Clinical rehabilitation},
  volume={24},
  number={2},
  pages={181--190},
  year={2010},
  publisher={Sage Publications Sage UK: London, England}
}

@article{stahl2018efficacy,
  title={Efficacy of intensive aphasia therapy in patients with chronic stroke: a randomised controlled trial},
  author={Stahl, Benjamin and Mohr, Bettina and B{\"u}scher, Verena and Dreyer, Felix R and Lucchese, Guglielmo and Pulverm{\"u}ller, Friedemann},
  journal={Journal of Neurology, Neurosurgery \& Psychiatry},
  volume={89},
  number={6},
  pages={586--592},
  year={2018},
  publisher={BMJ Publishing Group Ltd}
}

@article{musicco2003early,
  title={Early and long-term outcome of rehabilitation in stroke patients: the role of patient characteristics, time of initiation, and duration of interventions},
  author={Musicco, Massimo and Emberti, Leonardo and Nappi, Giuseppe and Caltagirone, Carlo and Italian Multicenter Study on Outcomes of Rehabilitation of Neurological Patients and others},
  journal={Archives of physical medicine and rehabilitation},
  volume={84},
  number={4},
  pages={551--558},
  year={2003},
  publisher={Elsevier}
}

@inproceedings{lv2015game,
  title={A game based assistive tool for rehabilitation of dysphonic patients},
  author={Lv, Zhihan and Esteve, Chantal and Chirivella, Javier and Gagliardo, Pablo},
  booktitle={2015 3rd IEEE VR International Workshop on Virtual and Augmented Assistive Technology (VAAT)},
  pages={9--14},
  year={2015},
  organization={IEEE}
}

@article{rohlfing2021hey,
  title={Hey Siri: How effective are common voice recognition systems at recognizing dysphonic voices?},
  author={Rohlfing, Matthew L and Buckley, Daniel P and Piraquive, Jacquelyn and Stepp, Cara E and Tracy, Lauren F},
  journal={The Laryngoscope},
  volume={131},
  number={7},
  pages={1599--1607},
  year={2021},
  publisher={Wiley Online Library}
}
@article{susi2007serious,
  title={Serious games: An overview},
  author={Susi, Tarja and Johannesson, Mikael and Backlund, Per},
  year={2007},
  publisher={Institutionen f{\"o}r kommunikation och information}
}

@article{nitz2010wii,
  title={Is the Wii Fit™ a new-generation tool for improving balance, health and well-being? A pilot study},
  author={Nitz, JC and Kuys, Suzanne and Isles, R and Fu, Stephanie},
  journal={Climacteric},
  volume={13},
  number={5},
  pages={487--491},
  year={2010},
  publisher={Taylor \& Francis}
}
@article{trout2005using,
  title={Using dance dance revolution in physical education},
  author={Trout, Josh and Zamora, Karra},
  journal={Teaching Elementary Physical Education},
  volume={16},
  number={5},
  pages={22--25},
  year={2005}
}

@inproceedings{anderson2002hungry,
  title={Hungry Red Planet: Children’s multimedia nutrition simulation software},
  author={Anderson, D Michael},
  booktitle={The 130th Annual Meeting of APHA},
  year={2002}
}

@article{dahlquist2008effects,
  title={Effects of videogame distraction using a virtual reality type head-mounted display helmet on cold pressor pain in children},
  author={Dahlquist, Lynnda M and Weiss, Karen E and Dillinger Clendaniel, Lindsay and Law, Emily F and Ackerman, Claire Sonntag and McKenna, Kristine D},
  journal={Journal of Pediatric Psychology},
  volume={34},
  number={5},
  pages={574--584},
  year={2008},
  publisher={Society of Pediatric Psychology}
}

@book{michael2005serious,
  title={Serious games: Games that educate, train, and inform},
  author={Michael, David R and Chen, Sandra L},
  year={2005},
  publisher={Muska \& Lipman/Premier-Trade}
}

@article{ogar2005apraxia,
  title={Apraxia of speech: an overview},
  author={Ogar, Jennifer and Slama, Hilary and Dronkers, Nina and Amici, Serena and Luisa Gorno-Tempini, Maria},
  journal={Neurocase},
  volume={11},
  number={6},
  pages={427--432},
  year={2005},
  publisher={Taylor \& Francis}
}

@article{mcneil2000apraxia,
  title={Apraxia of speech: A treatable disorder of motor planning and programming},
  author={McNeil, MR},
  journal={Aphasia and Language, Theory to Practce},
  pages={221--266},
  year={2000},
  publisher={The Guilford Press}
}

@article{dronkers1996new,
  title={A new brain region for coordinating speech articulation},
  author={Dronkers, Nina F},
  journal={Nature},
  volume={384},
  number={6605},
  pages={159--161},
  year={1996},
  publisher={Nature Publishing Group UK London}
}

@article{peach2004phonemic,
  title={Phonemic characteristics of apraxia of speech resulting from subcortical hemorrhage},
  author={Peach, Richard K and Tonkovich, John D},
  journal={Journal of Communication Disorders},
  volume={37},
  number={1},
  pages={77--90},
  year={2004},
  publisher={Elsevier}
}

@misc{proestler2023,
    author = "{Lea Pröstler, BSc.}",
    title = {{}},
    howpublished = {Personal communication}},
    note = {Job: Speech therapist, currently practicing speech therapy in Hollabrunn, Austria} ,
    year=2023,
}

@incollection{clark2003aphasia,
  title={Aphasia},
  author={Clark, David Glenn and Cummings, Jeffrey L},
  booktitle={Neurological disorders},
  pages={265--275},
  year={2003},
  publisher={Elsevier}
}

@article{glass1973artificial,
  title={Artificial language training in global aphasics},
  author={Glass, Andrea Velletri and Gazzaniga, Michael S and Premack, David},
  journal={Neuropsychologia},
  volume={11},
  number={1},
  pages={95--103},
  year={1973},
  publisher={Elsevier}
}

@article{raymer2001effects,
  title={Effects of bromocriptine in a patient with crossed nonfluent aphasia: A case report},
  author={Raymer, Anastasia M and Bandy, David and Adair, John C and Schwartz, Ronald L and Williamson, David JG and Rothi, Leslie J Gonzalez and Heilman, Kenneth M},
  journal={Archives of physical medicine and rehabilitation},
  volume={82},
  number={1},
  pages={139--144},
  year={2001},
  publisher={Elsevier}
}

@article{sabe1995randomized,
  title={A randomized, double-blind, placebocontrolled study of bromocriptine in nonfluent aphasia},
  author={Sabe, L and Salvarezza, F and Garcia Cuerva, A and Leiguarda, R and Starkstein, S},
  journal={Neurology},
  volume={45},
  number={12},
  pages={2272--2274},
  year={1995},
  publisher={AAN Enterprises}
}

@article{small1994pharmacotherapy,
  title={Pharmacotherapy of aphasia. A critical review.},
  author={Small, Steven L},
  journal={Stroke},
  volume={25},
  number={6},
  pages={1282--1289},
  year={1994},
  publisher={Am Heart Assoc}
}

@article{zou2009overview,
  title={Overview of artificial neural networks},
  author={Zou, Jinming and Han, Yi and So, Sung-Sau},
  journal={Artificial neural networks: methods and applications},
  pages={14--22},
  year={2009},
  publisher={Springer}
}

@article{mcculloch1943logical,
  title={A logical calculus of the ideas immanent in nervous activity},
  author={McCulloch, Warren S and Pitts, Walter},
  journal={The bulletin of mathematical biophysics},
  volume={5},
  pages={115--133},
  year={1943},
  publisher={Springer}
}
@article{TreasureHunters,
  title={Speech training for neurological patients using a serious game},
  author={Ganzeboom, Mario and Bakker, Marjoke and Beijer, Lilian and Rietveld, Toni and Strik, Helmer},
  journal={British Journal of Educational Technology},
  volume={49},
  number={4},
  pages={761--774},
  year={2018},
  publisher={Wiley Online Library}
}

@article{de2003improvement,
  title={Improvement of voicing in patients with Parkinson’s disease by speech therapy},
  author={De Swart, Bert JM and Willemse, SC and Maassen, BAM and Horstink, MWIM},
  journal={Neurology},
  volume={60},
  number={3},
  pages={498--500},
  year={2003},
  publisher={AAN Enterprises}
}

@inproceedings{Phonak,
  title={Training with Phonak: Serious game as support in auditory--Verbal therapy for children with cochlear implants},
  author={Cano, Sandra and Pe{\~n}e{\~n}ory, Victor and Collazos, C{\'e}sar A and Fardoun, Habib M and Alghazzawi, Daniyal M},
  booktitle={Proceedings of the 3rd 2015 Workshop on ICTs for improving Patients Rehabilitation Research Techniques},
  pages={22--25},
  year={2015}
}

@incollection{ParkinsonGame,
  title={A digital game to support voice treatment for Parkinson's disease},
  author={Krause, Markus and Smeddinck, Jan and Meyer, Ronald},
  booktitle={CHI'13 extended abstracts on human factors in computing systems},
  pages={445--450},
  year={2013}
}

@article{hair2021longitudinal,
  title={A longitudinal evaluation of tablet-based child speech therapy with Apraxia World},
  author={Hair, Adam and Ballard, Kirrie J and Markoulli, Constantina and Monroe, Penelope and McKechnie, Jacqueline and Ahmed, Beena and Gutierrez-Osuna, Ricardo},
  journal={ACM Transactions on Accessible Computing (TACCESS)},
  volume={14},
  number={1},
  pages={1--26},
  year={2021},
  publisher={ACM New York, NY, USA}
}

@inproceedings{takagi2020voice,
  title={Voice and Speech Training System for the Hearing-Impaired Children Using Tablet Terminal},
  author={Takagi, Hiroki and Sasaki, Shun and Kaneko, Megumi and Itoh, Takayuki and Sasaki, Kazuo and Ueki, Kazuya and Kuwahara, Meeko},
  booktitle={HCI International 2020-Posters: 22nd International Conference, HCII 2020, Copenhagen, Denmark, July 19--24, 2020, Proceedings, Part III 22},
  pages={121--127},
  year={2020},
  organization={Springer}
}

@inproceedings{radford2023robust,
  title={Robust speech recognition via large-scale weak supervision},
  author={Radford, Alec and Kim, Jong Wook and Xu, Tao and Brockman, Greg and McLeavey, Christine and Sutskever, Ilya},
  booktitle={International conference on machine learning},
  pages={28492--28518},
  year={2023},
  organization={PMLR}
}

@misc{howarth2024developing,
  title={Developing accessible speech technology with users with dysarthric speech},
  author={Howarth, Elizabeth and Vabulas, Geena and Connolly, Sean and Green, Dawn and Smolley, Sara},
  year={2024},
  publisher={Taylor \& Francis}
}

@techreport{wilde2006methodenspektrum,
  title={Methodenspektrum der Wirtschaftsinformatik: {\"U}berblick und Portfoliobildung},
  author={Wilde, Thomas and Hess, Thomas},
  year={2006},
  institution={Arbeitsbericht}
}

@misc{Flip,
  title = {Flipgrid},
  howpublished = {\url{https://info.flip.com/en-us.html}},
  note = {Accessed: 2024-09-13}
}

@article{hathaliya2020exhaustive,
  title={An exhaustive survey on security and privacy issues in Healthcare 4.0},
  author={Hathaliya, Jigna J and Tanwar, Sudeep},
  journal={Computer Communications},
  volume={153},
  pages={311--335},
  year={2020},
  publisher={Elsevier}
}

@misc{Madoo,
  title = {Madoo},
  howpublished = {\url{https://madoo.net/}},
  note = {Accessed: 2024-09-13}
}

@misc{License,
  title = {Creative Commons License},
  howpublished = {\url{https://creativecommons.org/licenses/by-sa/4.0/deed.en}},
  note = {Accessed: 2024-09-13}
}

@article{navarro2014talking,
  title={Talking to Teo: Video game supported speech therapy},
  author={Navarro-Newball, Andr{\'e}s Adolfo and Loaiza, Diego and Oviedo, Claudia and Castillo, Andr{\'e}s and Portilla, Anita and Linares, Diego and {\'A}lvarez, G},
  journal={Entertainment Computing},
  volume={5},
  number={4},
  pages={401--412},
  year={2014},
  publisher={Elsevier}
}

@article{mahesh2020machine,
  title={Machine learning algorithms-a review},
  author={Mahesh, Batta},
  journal={International Journal of Science and Research (IJSR).[Internet]},
  volume={9},
  number={1},
  pages={381--386},
  year={2020}
}

@article{9133298,
  author={Latif, Siddique and Qadir, Junaid and Qayyum, Adnan and Usama, Muhammad and Younis, Shahzad},
  journal={IEEE Reviews in Biomedical Engineering}, 
  title={Speech Technology for Healthcare: Opportunities, Challenges, and State of the Art}, 
  year={2021},
  volume={14},
  number={},
  pages={342-356},
  keywords={Medical services;Hidden Markov models;Remote monitoring;Feature extraction;Speech synthesis;Automatic speech recognition;Deep learning;Deep learning;automatic speech recognition (ASR);speech synthesis;healthcare;speech biomarkers;remote monitoring},
  doi={10.1109/RBME.2020.3006860}
  }
  
@article{duffy2021primary,
  title={Primary progressive apraxia of speech: From recognition to diagnosis and care},
  author={Duffy, Joseph R and Utianski, Rene L and Josephs, Keith A},
  journal={Aphasiology},
  volume={35},
  number={4},
  pages={560--591},
  year={2021},
  publisher={Taylor \& Francis}
}


@article{wu2020prevalence,
  title={Prevalence and impact of aphasia among patients admitted with acute ischemic stroke},
  author={Wu, Cheng and Qin, Yingyi and Lin, Zhen and Yi, Xiyan and Wei, Xin and Ruan, Yiming and He, Jia},
  journal={Journal of Stroke and Cerebrovascular Diseases},
  volume={29},
  number={5},
  pages={104764},
  year={2020},
  publisher={Elsevier}
}

@article{santos2021active,
  title={Active video games for improving mental health and physical fitness—An alternative for children and adolescents during social isolation: an overview},
  author={Santos, Isis Kelly dos and Medeiros, Rafaela Catherine da Silva Cunha de and Medeiros, Jason Azevedo de and Almeida-Neto, Paulo Francisco de and Sena, Dianne Cristina Souza de and Cobucci, Ricardo Ney and Oliveira, Ricardo Santos and Cabral, Breno Guilherme de Ara{\'u}jo Tinoco and Dantas, Paulo Moreira Silva},
  journal={International journal of environmental research and public health},
  volume={18},
  number={4},
  pages={1641},
  year={2021},
  publisher={MDPI}
}

@article{alpizar2020fat,
  title={Fat mass index (FMI) as a trustworthy overweight and obesity marker in Mexican pediatric population},
  author={Alp{\'\i}zar, Melchor and Frydman, Tamara Daniela and Res{\'e}ndiz-Rojas, Jos{\'e} de Jes{\'u}s and Trejo-Rangel, Miguel Alejandro and Aldecoa-Castillo, Jes{\'u}s Manuel De},
  journal={Children},
  volume={7},
  number={3},
  pages={19},
  year={2020},
  publisher={MDPI}
}

@article{comeras2021effects,
  title={Effects of active video games on health-related physical fitness and motor competence in children and adolescents with overweight or obesity: systematic review and meta-analysis},
  author={Comeras-Chueca, Cristina and Marin-Puyalto, Jorge and Matute-Llorente, Angel and Vicente-Rodriguez, German and Casajus, Jose Antonio and Gonzalez-Aguero, Alex and others},
  journal={JMIR Serious Games},
  volume={9},
  number={4},
  pages={e29981},
  year={2021},
  publisher={JMIR Publications Inc., Toronto, Canada}
}

@article{sharifzadeh2020health,
  title={Health education serious games targeting health care providers, patients, and public health users: scoping review},
  author={Sharifzadeh, Nahid and Kharrazi, Hadi and Nazari, Elham and Tabesh, Hamed and Edalati Khodabandeh, Maryam and Heidari, Somayeh and Tara, Mahmood},
  journal={JMIR serious games},
  volume={8},
  number={1},
  pages={e13459},
  year={2020},
  publisher={JMIR Publications Toronto, Canada}
}

@article{abd2022effectiveness,
  title={The effectiveness of serious games in alleviating anxiety: systematic review and meta-analysis},
  author={Abd-Alrazaq, Alaa and Alajlani, Mohannad and Alhuwail, Dari and Schneider, Jens and Akhu-Zaheya, Laila and Ahmed, Arfan and Househ, Mowafa},
  journal={JMIR serious games},
  volume={10},
  number={1},
  pages={e29137},
  year={2022},
  publisher={JMIR Publications Toronto, Canada}
}

@article{doumas2021serious,
  title={Serious games for upper limb rehabilitation after stroke: a meta-analysis},
  author={Doumas, Ioannis and Everard, Gauthier and Dehem, St{\'e}phanie and Lejeune, Thierry},
  journal={Journal of neuroengineering and rehabilitation},
  volume={18},
  pages={1--16},
  year={2021},
  publisher={Springer}
}

@online {anatomy3D,
 author = { Catfish Animation Studio S.r.l. } ,
 year = {2024} ,
 title = { Anatomy 3D Atlas } ,
 url = { https://anatomy3datlas.com/ } ,
 urldate = {2024 -10 -07}
}

@article{utianski2023update,
  title={An update on apraxia of speech},
  author={Utianski, Rene L and Josephs, Keith A},
  journal={Current neurology and neuroscience reports},
  volume={23},
  number={7},
  pages={353--359},
  year={2023},
  publisher={Springer}
}

@article{ulugut2022natural,
  title={The natural history of primary progressive aphasia: beyond aphasia},
  author={Ulugut, Hulya and Stek, Simone and Wagemans, Lianne EE and Jutten, Roos J and Keulen, Maria Antoinette and Bouwman, Femke H and Prins, Niels D and Lemstra, Afina W and Krudop, Welmoed and Teunissen, Charlotte E and others},
  journal={Journal of neurology},
  volume={269},
  number={3},
  pages={1375--1385},
  year={2022},
  publisher={Springer}
}

@article{borisov2022deep,
  title={Deep neural networks and tabular data: A survey},
  author={Borisov, Vadim and Leemann, Tobias and Se{\ss}ler, Kathrin and Haug, Johannes and Pawelczyk, Martin and Kasneci, Gjergji},
  journal={IEEE transactions on neural networks and learning systems},
  year={2022},
  publisher={IEEE}
}

@article{li2021survey,
  title={A survey of convolutional neural networks: analysis, applications, and prospects},
  author={Li, Zewen and Liu, Fan and Yang, Wenjie and Peng, Shouheng and Zhou, Jun},
  journal={IEEE transactions on neural networks and learning systems},
  volume={33},
  number={12},
  pages={6999--7019},
  year={2021},
  publisher={IEEE}
}

@article{scarselli2008graph,
  title={The graph neural network model},
  author={Scarselli, Franco and Gori, Marco and Tsoi, Ah Chung and Hagenbuchner, Markus and Monfardini, Gabriele},
  journal={IEEE transactions on neural networks},
  volume={20},
  number={1},
  pages={61--80},
  year={2008},
  publisher={IEEE}
}

@article{yamazaki2022spiking,
  title={Spiking neural networks and their applications: A review},
  author={Yamazaki, Kashu and Vo-Ho, Viet-Khoa and Bulsara, Darshan and Le, Ngan},
  journal={Brain Sciences},
  volume={12},
  number={7},
  pages={863},
  year={2022},
  publisher={MDPI}
}


@INPROCEEDINGS{7881322,
  author={Smaradottir, Berglind Fjola},
  booktitle={2016 International Conference on Computational Science and Computational Intelligence (CSCI)}, 
  title={The Steps of User-Centered Design in Health Information Technology Development: Recommendations from a PhD Research Study}, 
  year={2016},
  volume={},
  number={},
  pages={116-121},
  keywords={Information technology;User centered design;Conferences;Medical services;Usability;Organizations;Collaboration;User-centered Design;Usability;Health Information Technology;Software Development},
  doi={10.1109/CSCI.2016.0029}
  }
  
@INPROCEEDINGS{9255313,
  author={Chandran, Srijith and Al-Sa’di, Ahmed and Ahmad, Esraa},
  booktitle={2020 4th International Symposium on Multidisciplinary Studies and Innovative Technologies (ISMSIT)}, 
  title={Exploring User Centered Design in Healthcare: A Literature Review}, 
  year={2020},
  volume={},
  number={},
  pages={1-8},
  keywords={Systematics;Bibliographies;User centered design;Medical services;Software;Best practices;User Centered Design;UCD;Healthcare;Literature Review;UCD Methods},
  doi={10.1109/ISMSIT50672.2020.9255313}
  }

@article{ziegler2008apraxia,
  title={Apraxia of speech},
  author={Ziegler, Wolfram},
  journal={Handbook of clinical neurology},
  volume={88},
  pages={269--285},
  year={2008},
  publisher={Elsevier}
}

@incollection{clark2003aphasia,
  title={Aphasia},
  author={Clark, David Glenn and Cummings, Jeffrey L},
  booktitle={Neurological disorders},
  pages={265--275},
  year={2003},
  publisher={Elsevier}
}

@article{wang2020influence,
  title={The influence of the activation function in a convolution neural network model of facial expression recognition},
  author={Wang, Yingying and Li, Yibin and Song, Yong and Rong, Xuewen},
  journal={Applied Sciences},
  volume={10},
  number={5},
  pages={1897},
  year={2020},
  publisher={MDPI}
}

@article{atakpaassessment,
  title={ASSESSMENT OF SPEECH IMPEDIMENT AMONG CHILDREN: THE CAUSE AND CHALLENGES},
  author={ATAKPA, Arit Okonobong and Nsit, Afaha and OWUSHI, Justina Ngozi}
}

@inproceedings{balaji2015speech,
  title={Speech disabilities in adults and the suitable speech recognition software tools-a review},
  author={Balaji, V and Sadashivappa, G},
  booktitle={2015 International Conference on Computing and Network Communications (CoCoNet)},
  pages={559--564},
  year={2015},
  organization={IEEE}
}

@article{mccrocklin2020revisiting,
  title={Revisiting popular speech recognition software for ESL speech},
  author={McCrocklin, Shannon and Edalatishams, Id{\'e}e},
  journal={Tesol Quarterly},
  volume={54},
  number={4},
  pages={1086--1097},
  year={2020},
  publisher={JSTOR}
}

@article{shadiev2023review,
  title={Review of research on applications of speech recognition technology to assist language learning},
  author={Shadiev, Rustam and Liu, Jiawen},
  journal={ReCALL},
  volume={35},
  number={1},
  pages={74--88},
  year={2023},
  publisher={Cambridge University Press}
}


@article{gandara2016voice,
  title={Voice recognition software as a real tool during rehabilitation processes},
  author={Gandara-Sambade, Teresa and Souto-Suarez, Maria Carmen and Orosa, Jos{\'e} A},
  journal={WSEAS Transactions on Biology and Biomedicine},
  volume={13},
  pages={88--94},
  year={2016},
  publisher={WSEAS}
}

@online {Nuance ,
 author = { Nuance} ,
 year = {2024} ,
 title = {Nuance Homepage} ,
 url = { https://www.nuance.com/dragon.html} ,
 urldate = {2024 -10 -18}
 }

@online {Huggingface,
 author = { Sanchit Gandhi } ,
 year = {2022} ,
 title = { Fine-Tune Whisper For Multilinguial ASR with Transformers } ,
 url = { https://huggingface.co/blog/fine-tune-whisper } ,
 urldate = {2024 -10 -24}
}

@online {ggml,
 author = { Ggerganov et al. } ,
 year = {2024} ,
 title = { GGML } ,
 howpublished = {\url{https://github.com/ggerganov/ggml}},
 url = { https://github.com/ggerganov/ggml } ,
 urldate = {2024 -10 -24}
}

@online {ggmlInto,
 author = { Gerganov et al. } ,
 year = {2024} ,
 title = { Introduction to ggml } ,
 howpublished = {\url{https://huggingface.co/blog/introduction-to-ggml}},
 url = { https://huggingface.co/blog/introduction-to-ggml } ,
 urldate = {2025 -01 -23}
}

@online {whisperCpp,
 author = { Gerganov et al. } ,
 year = {2024} ,
 title = { Whisper.cpp } ,
 howpublished = {\url{https://github.com/ggerganov/whisper.cpp}},
 url = { https://github.com/ggerganov/whisper.cpp } ,
 urldate = {2025 -01 -23}
}

@online {WhisperConv,
 author = { Ggerganov et al. } ,
 year = {2024} ,
 title = { Whisper-Conversion } ,
 howpublished = {\url{https://github.com/ggerganov/whisper.cpp/blob/master/models/convert-h5-to-ggml.py}},
 url = { https://github.com/ggerganov/whisper.cpp/blob/master/models/convert-h5-to-ggml.py } ,
 urldate = {2024 -10 -24}
}

@article{shaphiro1965analysis,
  title={An analysis of variance test for normality},
  author={Shaphiro, S and Wilk, MBJB},
  journal={Biometrika},
  volume={52},
  number={3},
  pages={591--611},
  year={1965}
}

@article{hernandez2021testing,
  title={Testing for normality: What is the best method},
  author={Hernandez, Hugo},
  journal={ForsChem Research Reports},
  volume={6},
  number={5},
  pages={1--38},
  year={2021}
}

@article{maxwell1980pairwise,
  title={Pairwise multiple comparisons in repeated measures designs},
  author={Maxwell, Scott E},
  journal={Journal of Educational Statistics},
  volume={5},
  number={3},
  pages={269--287},
  year={1980},
  publisher={Sage Publications Sage CA: Thousand Oaks, CA}
}

@online {LogopedicStatistic,
 author = { Statistik Austria } ,
 year = {2022} ,
 title = { Jahrbuch der Gesundheitsstatistik } ,
 url = { https://www.statistik.at/fileadmin/user_upload/GesundheitsJB-2022_barr_Web.pdf } ,
 urldate = {2024 -11 -11}
}

@article{swain2018congenital,
  title={Congenital choanal atresia: our experiences in a tertiary care teaching hospital in eastern India},
  author={Swain, Santosh Kumar and Sahu, Mahesh Chandra and Jena, Asirbad},
  journal={Pediatria Polska-Polish Journal of Paediatrics},
  volume={93},
  number={1},
  pages={57--61},
  year={2018},
  publisher={Termedia}
}


@inproceedings { LEPaper ,
author = { René Baranyi, Lukas Weber, Christoph
Aigner], Vanessa Hohenegger, Sylvia Winkler, and
Thomas Grechenig} ,
journal = {EHB 2024} ,
month = {11} ,
publisher = { IEEE } ,
title = { Voice-Controlled Serious Game: Design Insights for a Speech Therapy Application (Accepted, but not yet published) } ,
year = {2024} ,
}

@online {ApraxiaAphasia,
 author = { Australian Aphasia Association } ,
 year = {2019} ,
 title = { Aphasia versus Apraxia } ,
 url = {https://www.facebook.com/photo/?fbid=2506075052781246&set=a.470400049682100 } ,
 urldate = {2024 -12 -05}
}

@article{wessel2010semi,
  title={Semi-strukturierte Interviews im Software-Engineering: Indikationsstellung, Vorbereitung, Durchf{\"u}hrung und Auswertung--Ein Fall-basiertes Tutorium},
  author={We{\ss}el, Christa},
  year={2010},
  publisher={Gesellschaft f{\"u}r Informatik eV}
}

@book{kelly2015knowledge,
  title={Knowledge and power in prehistoric societies: Orality, memory, and the transmission of culture},
  author={Kelly, Lynne},
  year={2015},
  publisher={Cambridge University Press}
}

@article{singleton2011communication,
  title={Communication between Prehistoric and Primitive Man},
  author={Singleton, Mike},
  journal={Art and Communication in Pre-Literate Societies},
  pages={410--416},
  year={2011}
}


@book{smed2003towards,
  title={Towards a definition of a computer game},
  author={Smed, Jouni and Hakonen, Harri and others},
  year={2003},
  publisher={Citeseer}
}

@article{dorner2016contributing,
  title={Contributing disciplines},
  author={D{\"o}rner, Ralf and Martin-Niedecken, Anna Lisa and Kocher, Mela and Baranowski, Tom and Kickmeier-Rust, Michael and G{\"o}bel, Stefan and Wiemeyer, Josef and Gebelein, Paul},
  journal={Serious Games: Foundations, Concepts and Practice},
  pages={35--55},
  year={2016},
  publisher={Springer}
}

@article{jin2008factors,
  title={Factors affecting therapeutic compliance: A review from the patient’s perspective},
  author={Jin, Jing and Sklar, Grant Edward and Min Sen Oh, Vernon and Chuen Li, Shu},
  journal={Therapeutics and clinical risk management},
  volume={4},
  number={1},
  pages={269--286},
  year={2008},
  publisher={Taylor \& Francis}
}

@article{dusing2001adverse,
  title={Adverse events, compliance, and changes in therapy},
  author={D{\"u}sing, Rainer},
  journal={Current Hypertension Reports},
  volume={3},
  number={6},
  pages={488--492},
  year={2001},
  publisher={Springer}
}

@article{bentley2022prehistory,
  title={Prehistory of kinship},
  author={Bentley, R Alexander},
  journal={Annual Review of Anthropology},
  volume={51},
  number={1},
  pages={137--154},
  year={2022},
  publisher={Annual Reviews}
}

@article{suryadevara2021comprehensive,
  title={A Comprehensive Overview of Artificial Neural Networks: Evolution, Architectures, and Applications},
  author={Suryadevara, Srikanth and Yanamala, Anil Kumar Yadav},
  journal={Revista de Inteligencia Artificial en Medicina},
  volume={12},
  number={1},
  pages={51--76},
  year={2021}
}

@book{shanmuganathan2016artificial,
  title={Artificial neural network modelling: An introduction},
  author={Shanmuganathan, Subana},
  year={2016},
  publisher={Springer}
}

@article{ariyo2024anatomy,
  title={Anatomy and Physiology of the Neuron},
  author={Ariyo, Oluwatobi and Akter, Farhana},
  journal={Neuroscience for Neurosurgeons},
  pages={72},
  year={2024},
  publisher={Cambridge University Press}
}

@article{wu2018development,
  title={Development and application of artificial neural network},
  author={Wu, Yu-chen and Feng, Jun-wen},
  journal={Wireless Personal Communications},
  volume={102},
  pages={1645--1656},
  year={2018},
  publisher={Springer}
}

@article{kiaei2023active,
  title={Active Identity Function as Activation Function},
  author={Kiaei, Ali Akbar and Boush, Mahnaz and Safaei, Danial and Abadijou, Sadegh and Baselizadeh, Nima and Salari, Nader and Mohammadi, Masoud},
  year={2023},
  publisher={Preprints}
}

@article{tsai2015hardware,
  title={A hardware-efficient sigmoid function with adjustable precision for a neural network system},
  author={Tsai, Chang-Hung and Chih, Yu-Ting and Wong, Wing Hung and Lee, Chen-Yi},
  journal={IEEE Transactions on Circuits and Systems II: Express Briefs},
  volume={62},
  number={11},
  pages={1073--1077},
  year={2015},
  publisher={IEEE}
}

@inproceedings{bai2022relu,
  title={RELU-function and derived function review},
  author={Bai, Yuhan},
  booktitle={SHS Web of Conferences},
  volume={144},
  pages={02006},
  year={2022},
  organization={EDP Sciences}
}


@inproceedings{zheng2015improving,
  title={Improving deep neural networks using softplus units},
  author={Zheng, Hao and Yang, Zhanlei and Liu, Wenju and Liang, Jizhong and Li, Yanpeng},
  booktitle={2015 International joint conference on neural networks (IJCNN)},
  pages={1--4},
  year={2015},
  organization={IEEE}
}

@inproceedings{ibnu2019determining,
  title={Determining the neural network topology: A review},
  author={Ibnu, Choldun R Muh and Santoso, Judhi and Surendro, Kridanto},
  booktitle={Proceedings of the 2019 8th International Conference on Software and Computer Applications},
  pages={357--362},
  year={2019}
}

@article{razavi2011new,
  title={A new formulation for feedforward neural networks},
  author={Razavi, Saman and Tolson, Bryan A},
  journal={IEEE Transactions on neural networks},
  volume={22},
  number={10},
  pages={1588--1598},
  year={2011},
  publisher={IEEE}
}

@article{salehinejad2017recent,
  title={Recent advances in recurrent neural networks},
  author={Salehinejad, Hojjat and Sankar, Sharan and Barfett, Joseph and Colak, Errol and Valaee, Shahrokh},
  journal={arXiv preprint arXiv:1801.01078},
  year={2017}
}

@incollection{james2023unsupervised,
  title={Unsupervised learning},
  author={James, Gareth and Witten, Daniela and Hastie, Trevor and Tibshirani, Robert and Taylor, Jonathan},
  booktitle={An introduction to statistical learning: with applications in Python},
  pages={503--556},
  year={2023},
  publisher={Springer}
}

@article{wang2020supervised,
  title={Supervised learning in spiking neural networks: A review of algorithms and evaluations},
  author={Wang, Xiangwen and Lin, Xianghong and Dang, Xiaochao},
  journal={Neural Networks},
  volume={125},
  pages={258--280},
  year={2020},
  publisher={Elsevier}
}

@article{berndt2020sampling,
  title={Sampling methods},
  author={Berndt, Andrea E},
  journal={Journal of Human Lactation},
  volume={36},
  number={2},
  pages={224--226},
  year={2020},
  publisher={SAGE Publications Sage CA: Los Angeles, CA}
}

@article{etikan2017sampling,
  title={Sampling and sampling methods},
  author={Etikan, Ilker and Bala, Kabiru},
  journal={Biometrics \& Biostatistics International Journal},
  volume={5},
  number={6},
  pages={00149},
  year={2017}
}

@online {unityStore,
 author = { Unity Technologies } ,
 year = {2024} ,
 title = { Unity Asset Store } ,
   howpublished ={\url{https://assetstore.unity.com/}},
 url = { https://assetstore.unity.com/ } ,
 urldate = {2025 -02 -21}
}

@online {lipImages,
 author = { Maria Meier } ,
 year = {2022} ,
 title = { Lip movement images } ,
  howpublished ={\url{https://ru.pinterest.com/pin/643592603000351080/}},
 url = { https://ru.pinterest.com/pin/643592603000351080/ } ,
 urldate = {2025 -02 -21}
}

@online {childImages,
 author = { Katharina Vesper} ,
 year = {2018} ,
 title = { Child mode images } ,
 howpublished ={\url{https://madoo.net/autor/thari/}},
 url = { https://madoo.net/autor/thari/ } ,
 urldate = {2025 -02 -21}
}

@online {assetSpeechBubble,
 author = { RAFMANIX} ,
 year = {2021} ,
 title = { Speech bubble asset} ,
  howpublished ={\url{https://assetstore.unity.com/packages/2d/environments/2d-atlas-speech-bubbles-alphabet-numbers-88398}},
 url = { https://assetstore.unity.com/packages/2d/environments/2d-atlas-speech-bubbles-alphabet-numbers-88398 } ,
 urldate = {2025 -02 -25}
}

@online {assetArcadeBGM,
 author = { B.G.M} ,
 year = {2022} ,
 title = { Arcade BGM asset} ,
 howpublished ={\url{https://assetstore.unity.com/packages/audio/music/arcade-game-bgm-17-210775}},
 url = { https://assetstore.unity.com/packages/audio/music/arcade-game-bgm-17-210775} ,
 urldate = {2025 -02 -25}
}

@online {assetBasicIcons,
 author = {Kandles} ,
 year = {2019} ,
 title = { Basic Icon asset} ,
 howpublished ={\url{https://assetstore.unity.com/packages/2d/gui/icons/basic-icons-139575}},
 url = {https://assetstore.unity.com/packages/2d/gui/icons/basic-icons-139575} ,
 urldate = {2025 -02 -25}
}

@online {assetCasualBGM,
 author = {B.G.M} ,
 year = {2019} ,
 title = { Casual BGM} ,
 howpublished ={\url{https://assetstore.unity.com/packages/audio/music/casual-game-bgm-5-135943}},
 url = {https://assetstore.unity.com/packages/audio/music/casual-game-bgm-5-135943} ,
 urldate = {2025 -02 -25}
}

@online {assetCasualGameSounds,
 author = {Dustyroom} ,
 year = {2024} ,
 title = { Casual game sounds} ,
 howpublished ={\url{https://assetstore.unity.com/packages/audio/sound-fx/free-casual-game-sfx-pack-54116}},
 url = {https://assetstore.unity.com/packages/audio/sound-fx/free-casual-game-sfx-pack-54116} ,
 urldate = {2025 -02 -25}
}

@online {assetPressStart,
 author = {CodeMan38} ,
 year = {2024} ,
 title = { Press start 2 play font},
  howpublished ={\url{https://fonts.google.com/specimen/Press+Start+2P/about}},
 url = {https://fonts.google.com/specimen/Press+Start+2P/about} ,
 urldate = {2025 -02 -25}
}

@online {assetPixelAdventure1,
 author = {Pixel Frog} ,
 year = {2019} ,
 title = { Pixel Adventure 1 asset} ,
 howpublished ={\url{https://assetstore.unity.com/packages/2d/characters/pixel-adventure-1-155360}},
 url = {https://assetstore.unity.com/packages/2d/characters/pixel-adventure-1-155360} ,
 urldate = {2025 -02 -25}
}
@online {assetPixelAdventure2,
 author = {Pixel Frog} ,
 year = {2019} ,
 title = { Pixel Adventure 2 asset} ,
  howpublished ={\url{https://assetstore.unity.com/packages/2d/characters/pixel-adventure-2-155418}},
 url = {https://assetstore.unity.com/packages/2d/characters/pixel-adventure-2-155418} ,
 urldate = {2025 -02 -25}
}

@article{campbell2001don,
  title={Why don't patients do their exercises? Understanding non-compliance with physiotherapy in patients with osteoarthritis of the knee},
  author={Campbell, Rona and Evans, M and Tucker, M and Quilty, B and Dieppe, Paul and Donovan, JL},
  journal={Journal of Epidemiology \& Community Health},
  volume={55},
  number={2},
  pages={132--138},
  year={2001},
  publisher={BMJ Publishing Group Ltd}
}

@article{cochrane2000inhaled,
  title={Inhaled corticosteroids for asthma therapy: patient compliance, devices, and inhalation technique},
  author={Cochrane, Mac G and Bala, Mohan V and Downs, Kristen E and Mauskopf, Josephine and Ben-Joseph, Rami H},
  journal={Chest},
  volume={117},
  number={2},
  pages={542--550},
  year={2000},
  publisher={Elsevier}
}

@inproceedings{siris2006adherence,
  title={Adherence to bisphosphonate therapy and fracture rates in osteoporotic women: relationship to vertebral and nonvertebral fractures from 2 US claims databases},
  author={Siris, Ethel S and Harris, Steven T and Rosen, Clifford J and Barr, Charles E and Arvesen, James N and Abbott, Thomas A and Silverman, Stuart},
  booktitle={Mayo Clinic Proceedings},
  volume={81},
  number={8},
  pages={1013--1022},
  year={2006},
  organization={Elsevier}
}

@article{garcia2013adherence,
  title={Adherence to therapies in patients with type 2 diabetes},
  author={Garc{\'\i}a-P{\'e}rez, Luis-Emilio and {\'A}lvarez, Mar{\'\i}a and Dilla, Tatiana and Gil-Guill{\'e}n, Vicente and Orozco-Beltr{\'a}n, Domingo},
  journal={Diabetes Therapy},
  volume={4},
  pages={175--194},
  year={2013},
  publisher={Springer}
}

@book{still2017fundamentals,
  title={Fundamentals of user-centered design: A practical approach},
  author={Still, Brian and Crane, Kate},
  year={2017},
  publisher={CRC press}
}

@book{garrett2022elements,
  title={The elements of user experience},
  author={Garrett, Jesse James},
  year={2022},
}

@book{colborne2017simple,
  title={Simple and usable web, mobile, and interaction design},
  author={Colborne, Giles},
  year={2017},
  publisher={New Riders}
}

@article{cooper199914,
  title={14 Principles of Polite Apps},
  author={Cooper, Alan},
  journal={Visual Basic Programmers Journal (June)},
  volume={62},
  pages={66},
  year={1999}
}

@inproceedings{jones2004designer,
  title={The Designer's situation awareness toolkit: Support for user-centered design},
  author={Jones, Debra G and Endsley, Mica R and Bolstad, Mark and Estes, Gil},
  booktitle={Proceedings of the human factors and ergonomics society annual meeting},
  volume={48},
  number={3},
  pages={653--657},
  year={2004},
  organization={SAGE Publications Sage CA: Los Angeles, CA}
}

@inproceedings{morgan2004360,
  title={360 degrees of usability},
  author={Morgan, Michael and Borns, Laura},
  booktitle={CHI'04 Extended Abstracts on Human Factors in Computing Systems},
  pages={795--809},
  year={2004}
}





